<?xml version="1.0" encoding="UTF-8"?>
<collection xmlns:xsi="http://www.w3.org/2001/XMLSchema-instance" xsi:schemaLocation="http://www.loc.gov/MARC21/slim http://www.loc.gov/standards/marcxml/schema/MARC21slim.xsd" xmlns="http://www.loc.gov/MARC21/slim">
<record>
  <leader>00749cam a22001931i 4500</leader>
  <controlfield tag="001">1651595</controlfield>
  <controlfield tag="003">NNC</controlfield>
  <controlfield tag="005">20160623143625.0</controlfield>
  <controlfield tag="008">950518s1967    iq            000 0 ara d</controlfield>
  <datafield tag="035" ind1=" " ind2=" ">
    <subfield code="a">(OCoLC)ocm32499425</subfield>
  </datafield>
  <datafield tag="035" ind1=" " ind2=" ">
    <subfield code="9">AKR5718CU</subfield>
  </datafield>
  <datafield tag="035" ind1=" " ind2=" ">
    <subfield code="a">(NNC)1651595</subfield>
  </datafield>
  <datafield tag="040" ind1=" " ind2=" ">
    <subfield code="a">ZCU</subfield>
    <subfield code="c">ZCU</subfield>
  </datafield>
  <datafield tag="110" ind1="1" ind2=" ">
    <subfield code="a">Iraq.</subfield>
    <subfield code="b">Jihāz al-Markazī lil-Iḥṣāʼ.</subfield>
    <subfield code="b">Dāʼirat al-Iḥṣāʼ al-Ijtimāʻī.</subfield>
  </datafield>
  <datafield tag="245" ind1="0" ind2="0">
    <subfield code="a">Iḥṣāʾ muwazzafī wa-muntasibī al-dawāʾir al-rasmīyah ... li-sanat 1967 fī al-Jumhr̄īyah al-ʻIrāqīyah /</subfield>
    <subfield code="b">ashrafa ʻalā iʻdādihī, Taḥsin Hamid Mustafā.</subfield>
  </datafield>
  <datafield tag="260" ind1=" " ind2=" ">
    <subfield code="a">Baghdād :</subfield>
    <subfield code="b">Dāʾirat al-Iḥṣāʾ al-Itjtimāʻī,</subfield>
    <subfield code="c">1967.</subfield>
  </datafield>
  <datafield tag="300" ind1=" " ind2=" ">
    <subfield code="a">114 leaves ;</subfield>
    <subfield code="c">33 cm.</subfield>
  </datafield>
  <datafield tag="500" ind1=" " ind2=" ">
    <subfield code="a">Chiefly tables.</subfield>
  </datafield>
  <datafield tag="955" ind1=" " ind2=" ">
    <subfield code="b">CU57769877</subfield>
    <subfield code="d">off,leh</subfield>
    <subfield code="e">JQ1825 .I73</subfield>
  </datafield>
</record>
</collection>